@inproceedings{yamauchi2004packbot,
  title={PackBot: a versatile platform for military robotics},
  author={Yamauchi, Brian M},
  booktitle={Defense and Security},
  pages={228--237},
  year={2004},
  organization={International Society for Optics and Photonics}
}

@book{taha1975integer,
  title={Integer programming: theory, applications, and computations},
  author={Taha, Hamdy A},
  volume={975},
  year={1975},
  publisher={Academic Press New York}
}

@article{fikes1972strips,
  title={STRIPS: A new approach to the application of theorem proving to problem solving},
  author={Fikes, Richard E and Nilsson, Nils J},
  journal={Artificial intelligence},
  volume={2},
  number={3},
  pages={189--208},
  year={1972},
  publisher={Elsevier}
}

@book{mccarthy1963programs,
  title={Programs with common sense},
  author={McCarthy, John},
  year={1963},
  publisher={Defense Technical Information Center}
}

@book{newell1961gps,
  title={GPS, a program that simulates human thought},
  author={Newell, Allen and Simon, Herbert A},
  year={1961},
  publisher={Defense Technical Information Center}
}

@article{fulkerson1961network,
  title={A network flow computation for project cost curves},
  author={Fulkerson, Delbert R},
  journal={Management science},
  volume={7},
  number={2},
  pages={167--178},
  year={1961},
  publisher={INFORMS}
}

@article{saranli2001rhex,
  title={RHex: A simple and highly mobile hexapod robot},
  author={Saranli, Uluc and Buehler, Martin and Koditschek, Daniel E},
  journal={The International Journal of Robotics Research},
  volume={20},
  number={7},
  pages={616--631},
  year={2001},
  publisher={SAGE Publications}
}

@techreport{green1969application,
  title={Application of theorem proving to problem solving},
  author={Green, C.},
  year={1969},
  institution={DTIC Document}
}

@inproceedings{beetz2010cram,
  title={CRAMâ€”A Cognitive Robot Abstract Machine for everyday manipulation in human environments},
  author={Beetz, Michael and Mosenlechner, Lorenz and Tenorth, Moritz},
  booktitle={IROS, 2010},
}

@article{chen2012review,
  title={Review of an autonomous humanoid robot and its mechanical control},
  author={Chen, Chen-Yuan and Huang, Po-Hsuan},
  journal={Journal of Vibration and Control},
  volume={18},
  number={7},
  pages={973--982},
  year={2012},
  publisher={SAGE Publications}
}

@article{kemp2007challenges,
  title={Challenges for robot manipulation in human environments},
  author={Kemp, Charles C and Edsinger, Aaron and Torres-Jara, Eduardo},
  journal={IEEE Robotics and Automation Magazine},
  volume={14},
  number={1},
  pages={20},
  year={2007},
  publisher={THE IEEE, INC.}
}

@inproceedings{mukerjee1995qualitative,
  title={A qualitative discretization for two-body contacts},
  author={Mukerjee, A., Agarwal, M. and Bhatia, P.},
  booktitle={IJCAI (1)},
  pages={915--923},
  year={1995},
  organization={Citeseer}
}

@inproceedings{kuffner2000rrt,
  title={{RRT-connect: An efficient approach to single-query path planning}},
  author={Kuffner Jr, J.J. and LaValle, S.M.},
  booktitle={ICRA},
  year={2000},
  organization={IEEE}
}

@inproceedings{stilman2007task,
  title={Task constrained motion planning in robot joint space},
  author={Stilman, M.},
  booktitle={IROS},
  year={2007},
  organization={IEEE}
}

@article{stilman2005navigation,
  title={Navigation among movable obstacles: Real-time reasoning in complex environments},
  author={Stilman, Mike and Kuffner, James J},
  journal={International Journal of Humanoid Robotics},
  volume={2},
  number={04},
  pages={479--503},
  year={2005},
  publisher={World Scientific}
}

@inproceedings{kuindersma2009dexterous,
  title={Dexterous mobility with the uBot-5 mobile manipulator},
  author={Kuindersma, Scott R and Hannigan, Edward and Ruiken, Dirk and Grupen, Roderic A},
  booktitle={Advanced Robotics, 2009. ICAR 2009. International Conference on},
  pages={1--7},
  year={2009},
  organization={IEEE}
}

% -- Hand guys
@article{buss1996dextrous,
  title={Dextrous hand grasping force optimization},
  author={Buss, M., Hashimoto, H. and Moore, J.B.},
  journal={Robotics and Automation, IEEE Transactions on},
  year={1996},
  publisher={IEEE}
}

@article{liu2004real,
  title={Real-time grasping-force optimization for multifingered manipulation: theory and experiments},
  author={Liu, G. and Li, Z.},
  journal={Mechatronics},
  year={2004},
  publisher={IEEE}
}

@article{geyer2009component,
  title={Component-oriented decomposition for multidisciplinary design optimization in building design},
  author={Geyer, P.},
  journal={AEI},
  year={2009},
  publisher={Elsevier}
}

@article{yu2011make,
  title={Make it home: automatic optim. of furniture arrangement.},
  author={Yu, L., Yeung, S., Tang, C., Terzopoulos, D., Chan, T. and Osher, S.},
  journal={Siggraph},
  year={2011}
}

@article{vidal2006branching,
  title={Branching and pruning: An optimal temporal POCL planner based on constraint programming},
  author={Vidal, V. and Geffner, H.},
  journal={AI},
  year={2006},
  publisher={Elsevier}
}

@article{dorndorf2000time,
  title={A time-oriented branch-and-bound algorithm for resource-constrained project scheduling with generalised precedence constraints},
  author={Dorndorf, U., Pesch, E., and Phan-Huy, T.},
  journal={Management Science},
  year={2000},
  publisher={INFORMS}
}

@article{erdogan2013planning,
  title={Planning in Constraint Space: Automated Design of Functional Structures},
  author={Erdogan, C. and Stilman, M.},
  journal={ICRA},
  year={2013}
}

@inproceedings{dasgupta1999making,
   title={Calibrating a multi-arm multi-sensor robot: A bundle adjustment approach},
  author={Pradeep, Vijay and Konolige, Kurt and Berger, Eric},
  booktitle={Experimental Robotics},
  year={1999}
}

@article{ha1996trajectory,
  title={Trajectory tracking control for navigation of the inverse pendulum type self-contained mobile robot},
  author={Ha, Yun-Su and Yuta, Shin'ichi},
  journal={Robotics and autonomous systems},
  volume={17},
  number={1},
  pages={65--80},
  year={1996},
  publisher={Elsevier}
}

@inproceedings{pradeep2014calibrating,
  title={Calibrating a multi-arm multi-sensor robot: A bundle adjustment approach},
  author={Pradeep, Vijay and Konolige, Kurt and Berger, Eric},
  booktitle={Experimental Robotics},
  pages={211--225},
  year={2014},
  organization={Springer}
}


@inproceedings{nishiwaki2000design,
  title={Design and development of research platform for perception-action integration in humanoid robot: H6},
  author={Nishiwaki, Koichi and Sugihara, Tomomichi and Kagami, Satoshi and Kanehiro, Fumio and Inaba, Masayuki and Inoue, Hirochika},
  booktitle={Intelligent Robots and Systems, 2000.(IROS 2000). Proceedings. 2000 IEEE/RSJ International Conference on},
  volume={3},
  pages={1559--1564},
  year={2000},
  organization={IEEE}
}

@article{srinivasa2010herb,
  title={HERB: a home exploring robotic butler},
  author={Srinivasa, Siddhartha S and Ferguson, Dave and Helfrich, Casey J and Berenson, Dmitry and Collet, Alvaro and Diankov, Rosen and Gallagher, Garratt and Hollinger, Geoffrey and Kuffner, James and Weghe, Michael Vande},
  journal={Autonomous Robots},
  volume={28},
  number={1},
  pages={5--20},
  year={2010},
  publisher={Springer}
}

@article{erdogan2014incorporating,
  title={Incorporating Kinodynamic Constraints in Automated Design of Simple Machines},
  author={Erdogan, C. and Stilman, M.},
  journal={IROS},
  year={2014}
}

@inproceedings{stilman2010golem,
  title={Golem krang: Dynamically stable humanoid robot for mobile manipulation},
  author={Stilman, Mike and Olson, Jon and Gloss, William},
  booktitle={Robotics and Automation (ICRA), 2010 IEEE International Conference on},
  pages={3304--3309},
  year={2010},
  organization={IEEE}
}

@inproceedings{fox1999detection,
  title={The detection and exploitation of symmetry in planning problems},
  author={Fox, M. and Long, D.},
  booktitle={IJCAI},
  volume={99},
  pages={956--961},
  year={1999}
}


@article{leyffer2010nonlinear,
  title={Nonlinear constrained optimization: methods and software},
  author={Leyffer, S. and Mahajan, A.},
  journal={Argonee National Laboratory},
  year={2010}
}

@article{dellaert2012factor,
  title={Factor Graphs and GTSAM: A Hands-on Introduction},
  author={Dellaert, F.},
  year={2012},
  publisher={Georgia Institute of Technology}
}

@article{donald1993kinodynamic,
  title={Kinodynamic motion planning},
  author={Donald, Bruce and Xavier, Patrick and Canny, John and Reif, John},
  journal={JACM},
  year={1993},
  publisher={ACM}
}